@article{dorner2017,
  title={Deep Learning-Based Communication Over the Air},
  author={D\"{o}rner, Sebastian and Cammerer, Sebastian and Hoydis, Jakob and Brink, Stephan ten},
  year={2017},
  journal={arXiv preprint arxiv:1707.03384}
}

@article{kim2018,
  title={Communication Algorithms via Deep Learning},
  author={Kim, Hyeji and Jiang, Yihan, and Rana, Ranvir and Kannan, Sreeram and Oh, Sewoong and Viswanath, Pramod},
  journal={International Conference on Learning Representations},
  year={2018},
}

@article{farsad2018,
  title={Neural Network Detection of Data Sequences in Communication Systems},
  author={Farsad, Nariman and Goldsmith, Andrea},
  journal={IEEE Transactions on Signal Processing},
  volume={PP},
  year={2018},
  publisher={IEEE}
}

@article{osheacsi,
  title={Learning Approximate Neural Estimators for Wireless Channel State Information},
  author={O'Shea, Timothy and Karra, Kiran, and Clancy, T. Charles},
  journal={arXiv preprint
arXiv:1707.06260},
  year={2017}
}

@article{diamandis,
  title={Survey on Deep Learning Techniques for Wireless Communications},
  author={Diamandis, Theo},
  journal={Departement of Electrical Engineering, Stanford University},
  year={2017}
}


@article{raghavendra,
  title={An Efficient Channel Equalizer Using Artificial Neural Networks},
  author={Raghavendra, K. T. and Tripathy, Amiya K.},
  journal={Neural Network World},
  volume = {16},
  pages={357--368},
  year={2006}
}

@article{botoca,
  title={Nonlinear Channel Equalization Using Complex Neural Networks},
  author={Botoca, Corina and Budura, Georgeta, and Nicolae, Miclau},
  journal={Seria Electronic\u{a} \c{S}i Telecommunca\c{t}ii, Transactions on Electronics and Communications},
  pages={227--231},
  year={2004},
}

@incollection{ye2018,
  title={Power of Deep Learning for Channel Estimation and Signal Detection in OFDM Systems},
  author={Ye, Hao and Ye Li, Geoffrey and Juang, Biing-Hwang},
  booktitle={IEEE Wireless Communications Letters},
  pages={114--117},
  year={2018}
}

@article{osheamimo,
  title={Deep Learning-Based MIMO Communications},
  author={O'Shea, Timothy and Erpek, Tugba and Clancy, T. Charles},
  journal={arXiv preprint
arXiv:1707.07980},
  year={2017}
}

@article{wang,
  title={Deep Learning for Wireless Physical Layer: Opportunities and Challenges},
  author={Wang, Tianqi and Wen, Chao-Kai and Wang, Hanqing and Gao, Feifei and Jiang, Tao and Jin, Shi},
  journal={China Communications},
  year={2017},
  pages={92--111},
  volume={14},
  number={11}
}

@inproceedings{kimnips,
  title={Deepcode: Feedback Codes via Deep Learning},
  author={Kim, Hyeji and Jian, Yihan and Kannan, Sreeram and Oh, Sewoong, and Viswanath, Pramod},
  journal={Neural Information Processing Systems},
  year={2018}
}

@article{finn,
  title={Model-agnostic meta-learning for fast adaptation of deep networks},
  author={Finn, Chelsea and Abbeel, Pieter and Levine, Sergey},
  journal={International Conference on Machine Learning},
  year={2017}
}

@inproceedings{lake,
  title={Human-level concept learning
through probabilistic program induction},
  author={Lake, Brenden M. and Salakhutdinov, Ruslan and Tenenbaum, Joshua B.},
  booktitle={Science},
  volume={350},
  number={6266},
  pages={1332--1338},
  year={2015}
}

@article{osheavoid,
  title={Approximating the Void: Learning Stochastic Channel Models from Observation with Variational Generative Adversarial Networks},
  author={O'Shea, Timothy J. and Roy, Tamoghna and West, Nathan},
  year={2018},
  journal={arXiv preprint arxiv:1805.06350}
}

@inproceedings{yegans,
  title={Channel Agnostic End-to-End Learning based Communication Systems with Conditional GAN},
  author={Ye, Hao and Ye Li, Geoffrey and Juang, Biing-Hwang},
  booktitle={IEEE Global Communications Conference},
  year={2018}
}

@article{hemodel,
  title={Model-Driven Deep Learning for Physical Layer Communications},
  author={He, Hengtao and Jin, Shi and Wen, Chao-Kai and Gao, Feifei and Ye Li, Geoffrey and Xu, Zongben},
  year={2018},
  journal={arXiv preprint arxiv:1809.06059}
}

@article{osheasynch,
  title={Radio Transformer Networks: Attention Models for Learning to Synchronize in Wireless Systems},
  author={O'Shea, Timothy J. and Pemula, Latha and Batra, Dhruv and Clancy, T. Charles},
  year={2016},
  journal={arXiv preprint arxiv:1605.00716}
}

@inproceedings{osheaphys,
  title={An Introduction to Deep Learning for the Physical Layer},
  author={O'Shea, Timothy and Hoydis, Jakob},
  booktitle={IEEE Transactions on Cognitive Communications and Networking},
  year={2017},
  volume={3},
  number={4},
  pages={563--575}
}

@inproceedings{osheaatt,
  title={Learning to Communicate: Channel Auto-encoders, Domain Specific Regularizers, and Attention},
  author={O'Shea, Timothy J. and Karra, Kiran and Clancy, T. Charles},
  booktitle={IEEE International Symposium on Signal Processing and Information Technology},
  year={2016},
  pages={223--228}
}

@article{bengio,
  title={Learning a synaptic learning rule},
  author={Bengio, Yoshua and Bengio, Samy and Cloutier, Jocelyn},
  year={1990},
  journal={Technical Report 751, D\'{e}partment d'Informatique et de Recherche Op\'{e}rationelle, Universit\'{e} de Montr\'{e}al, Canada}
}

@inproceedings{lemke,
  title={Metalearning: a survey of trends and technologies},
  author={Lemke, Christiane and Budka, Marcin and Gabrys, Bogdan},
  booktitle={Artificial Intelligence Review},
  year={2015},
  pages={117--130},
  publisher={Springer}
}

@article{khodadadeh,
  title={Unsupervised Meta-Learning For Few-Shot Image and Video Classification},
  author={Khodadadeh, Siavash and Bölöni, Ladislau and Shah, Mubarak},
  year={2018},
  journal={arXiv preprint arxiv:1811.11819}
}

@inproceedings{costas,
  title={Synchronous Communications},
  author={Costas, John P.},
  booktitle={Proceedings of the IRE},
  year={1956},
  pages={1713--1718},
  publisher={IEEE},
  volume={44},
  number={12}
}

@inproceedings{imagenet,
  title={ImageNet Classification with Deep Convolutional Neural Networks},
  author={Krizhevsky, Alex and Sutskever, Ilya and Hinton, Geoffrey E.},
  booktitle={Neural Information Processing Systems},
  year={2012},
  pages={1106--1114}
}

@inproceedings{videogame,
  title={Human-level control through deep reinforcement learning},
  author={Mnih, Volodymyr and Kavukcuoglu, Koray, and Silver, David, and Rusu, Andrei A., and Veness, Joel and Bellemare, Marc G., and Graves, Alex},
  booktitle={Nature},
  volume={518},
  year={2015},
  pages={529--533}
}

@inproceedings{alphago,
  title={Mastering the game of Go with deep neural networks and tree search},
  author={Silver, David and Huang, Aja and Maddison, Chris J. and Guez, Arthur, and Sifre, Laurent and van den Driessche, George},
  booktitle={Nature},
  volume={529},
  year={2016},
  pages={484--489}
}

@inproceedings{nlp,
  title={A Neural Probabilistic Language Model},
  author={Bengio, Yoshua and Ducharme, R\'{e}jean and Vincent, Pascal and Jauvin, Christian},
  booktitle={Neural Information Processing Systems},
  year={2001},
  volume={13},
  pages={932--938}
}