@article{dorner2017,
  title={Deep Learning-Based Communication Over the Air},
  author={Dorner, Sebastian and Cammerer, Sebastian and Hoydis, Jakob and Brink, Stephan ten},
  year={2017},
  publisher={Available:
https://arxiv.org/abs/1707.03384,preprint.}
}
s
@article{kim2018,
  title={Communication Algorithms via Deep Learning},
  author={Kim, Hyeji and Jiang, Yihan, and Rana, Ranvir, and Kannan, Sreeram, and Oh, Sewoong, and Viswanath, Pramod},
  journal={International Conference on Learning Representations},
  year={2018},
}

@article{farsad2018,
  title={Neural Network Detection of Data Sequences in Communication Systems},
  author={Farsad, Nariman and Goldsmith, Andrea},
  journal={IEEE Transactions on Signal Processing},
  volume={PP},
  year={2018},
  publisher={IEEE}
}

@article{grover2013approximately,
  title={Approximately Optimal Solutions to the Finite-Dimensional Witsenhausen Counterexample.},
  author={Grover, Pulkit and Park, Se Yong and Sahai, Anant},
  journal={IEEE Trans. Automat. Contr.},
  volume={58},
  number={9},
  pages={2189--2204},
  year={2013}
}

@inproceedings{basar2008variations,
  title={Variations on the theme of the Witsenhausen counterexample},
  author={Basar, Tamer},
  booktitle={Decision and Control, 2008. CDC 2008. 47th IEEE Conference on},
  pages={1614--1619},
  year={2008},
  organization={IEEE}
}

@article{grover2015information,
  title={Information Structures, the Witsenhausen Counterexample, and Communicating Using Actions},
  author={Grover, Pulkit},
  journal={Encyclopedia of Systems and Control},
  pages={567--571},
  year={2015},
  publisher={Springer}
}

@article{saldi2017finite,
  title={Finite model approximations and asymptotic optimality of quantized policies in decentralized stochastic control},
  author={Saldi, Naci and Y{\"u}ksel, Serdar and Linder, Tam{\'a}s},
  journal={IEEE Transactions on Automatic Control},
  volume={62},
  number={5},
  pages={2360--2373},
  year={2017},
  publisher={IEEE}
}

@incollection{saldi2018asymptotic,
  title={Asymptotic Optimality of Finite Models for Witsenhausen’s Counterexample and Beyond},
  author={Saldi, Naci and Linder, Tam{\'a}s and Y{\"u}ksel, Serdar},
  booktitle={Finite Approximations in Discrete-Time Stochastic Control},
  pages={177--188},
  year={2018},
  publisher={Springer}
}


@inproceedings{wu2011witsenhausen,
  title={Witsenhausen's counterexample: A view from optimal transport theory},
  author={Wu, Yihong and Verd{\'u}, Sergio},
  booktitle={Decision and Control and European Control Conference (CDC-ECC), 2011 50th IEEE Conference on},
  pages={5732--5737},
  year={2011},
  organization={IEEE}
}

@article{papadimitriou1986intractable,
  title={Intractable problems in control theory},
  author={Papadimitriou, Christos H and Tsitsiklis, John},
  journal={SIAM journal on control and optimization},
  volume={24},
  number={4},
  pages={639--654},
  year={1986},
  publisher={SIAM}
}

@inproceedings{park2012may,
  title={It may be “easier to approximate” decentralized infinite-horizon LQG problems},
  author={Park, Se Yong and Sahai, Anant},
  booktitle={Decision and Control (CDC), 2012 IEEE 51st Annual Conference on},
  pages={2250--2255},
  year={2012},
  organization={IEEE}
}

@phdthesis{park2013information,
  title={Information flow in linear systems},
  author={Park, Se Yong},
  year={2013},
  school={UC Berkeley}
}

@inproceedings{choudhuri2012witsenhausen,
  title={On Witsenhausen's counterexample: the asymptotic vector case},
  author={Choudhuri, Chiranjib and Mitra, Urbashi},
  booktitle={Information Theory Workshop (ITW), 2012 IEEE},
  pages={162--166},
  year={2012},
  organization={IEEE}
}

@article{baglietto2001numerical,
  title={Numerical solutions to the Witsenhausen counterexample by approximating networks},
  author={Baglietto, Marco and Parisini, Thomas and Zoppoli, Riccardo},
  journal={IEEE Transactions on Automatic Control},
  volume={46},
  number={9},
  pages={1471--1477},
  year={2001},
  publisher={IEEE}
}


@inproceedings{ajorlou2016slopey,
  title={Slopey quantizers are locally optimal for Witsenhausen's counterexample},
  author={Ajorlou, Amir and Jadbabaie, Ali},
  booktitle={Decision and Control (CDC), 2016 IEEE 55th Conference on},
  pages={3566--3571},
  year={2016},
  organization={IEEE}
}

@article{lee2001witsenhausen,
  title={The Witsenhausen counterexample: A hierarchical search approach for nonconvex optimization problems},
  author={Lee, Jonathan T and Lau, Edward and Ho, Yu-Chi},
  journal={IEEE Transactions on Automatic Control},
  volume={46},
  number={3},
  pages={382--397},
  year={2001},
  publisher={IEEE}
}

@inproceedings{li2009learning,
  title={Learning approaches to the Witsenhausen counterexample from a view of potential games},
  author={Li, Na and Marden, Jason R and Shamma, Jeff S},
  booktitle={Decision and Control, 2009 held jointly with the 2009 28th Chinese Control Conference. CDC/CCC 2009. Proceedings of the 48th IEEE Conference on},
  pages={157--162},
  year={2009},
  organization={IEEE}
}

@article{mehmetoglu2014deterministic,
  title={A Deterministic Annealing Optimization Approach for Witsenhausen's and Related Decentralized Control Settings},
  author={Mehmetoglu, Mustafa and Akyol, Emrah and Rose, Kenneth},
  journal={arXiv preprint arXiv:1403.5315},
  year={2014}
}

@inproceedings{karlsson2011iterative,
  title={Iterative source-channel coding approach to Witsenhausen's counterexample},
  author={Karlsson, Johannes and Gattami, Ather and Oechtering, Tobias J and Skoglund, Mikael},
  booktitle={American Control Conference (ACC), 2011},
  pages={5348--5353},
  year={2011},
  organization={IEEE}
}

@inproceedings{tseng2017local,
  title={A local search algorithm for the Witsenhausen's counterexample},
  author={Tseng, Shih-Hao and Tang, Ao},
  booktitle={Decision and Control (CDC), 2017 IEEE 56th Annual Conference on},
  pages={5014--5019},
  year={2017},
  organization={IEEE}
}

@article{mceneaney2015optimization,
  title={Optimization formulation and monotonic solution method for the Witsenhausen problem},
  author={McEneaney, William M and Han, Seung Hak},
  journal={Automatica},
  volume={55},
  pages={55--65},
  year={2015},
  publisher={Elsevier}
}

@article{lecun2015deep,
  title={Deep learning},
  author={LeCun, Yann and Bengio, Yoshua and Hinton, Geoffrey},
  journal={nature},
  volume={521},
  number={7553},
  pages={436},
  year={2015},
  publisher={Nature Publishing Group}
}

@book{goodfellow2016deep,
  title={Deep learning},
  author={Goodfellow, Ian and Bengio, Yoshua and Courville, Aaron and Bengio, Yoshua},
  volume={1},
  year={2016},
  publisher={MIT press Cambridge}
}

@inproceedings{abadi2016tensorflow,
  title={Tensorflow: a system for large-scale machine learning.},
  author={Abadi, Mart{\'\i}n and Barham, Paul and Chen, Jianmin and Chen, Zhifeng and Davis, Andy and Dean, Jeffrey and Devin, Matthieu and Ghemawat, Sanjay and Irving, Geoffrey and Isard, Michael and others},
  booktitle={OSDI},
  volume={16},
  pages={265--283},
  year={2016}
}

@phdthesis{yang2018adversarial,
  title={Adversarial Reinforcement Learning for Control System Design: A Deep Reinforcement Learning Approach},
  author={Yang, Zhaoyuan and others},
  year={2018},
  school={The Ohio State University}
}

@article{paszke2017automatic,
  title={Automatic differentiation in pytorch},
  journal = {NIPS 2017 Autodiff Workshop: The Future of Gradient-based Machine Learning Software and Techniques},
  author={Paszke, Adam and Gross, Sam and Chintala, Soumith and Chanan, Gregory and Yang, Edward and DeVito, Zachary and Lin, Zeming and Desmaison, Alban and Antiga, Luca and Lerer, Adam},
  year={2017}
}

